@string{AdvPhy = "Advances in Physics" }
@string{AppPLet = "Applied Physics Letters"}
@string{Cryo = "Cryogenics" }
@string{JLT = "Journal of Low Temperature Physics"}
@string{JAP = "Journal of Applied Physics"}
@string{JapJAP = "Japanese Journal of Applied Physics"}
@string{JPSocJap = "Journal of the Physical Society of Japan"}
@string{RevSciIns = "The Review of Scientific Instruments"}
@string{PRev = "Physical Review" }
@string{PRevA = "Physical Review A" }
@string{PRevB = "Physical Review B" }
@string{PRevLet = "Physical Review Letters" }
@string{PLetA = "Physics Letters A" }
@string{PLet = "Physics Letters" }
@string{JETP = "Soviet Physics JETP"}
@string{MatResBul = "Mat. Res. Bull." }
@string{UBT = "Physikalisches Institut, Universit{\"a}t Bayreuth,
		  Bayreuth, Germany"}
@string{WMeissner = "Walther Meissner Institut, Bayerische Akademie
                     der Wissenschaften, Garching, Germany" }
@string{US = "english" }

@string{da  = "Diplomarbeit" }
@string{dis = "Dissertation" }

@book{Brockhaus,
   title     = {Brockhaus Enzyklop{\"a}die},
   year      = 1991,
   editor    = {Brockhaus},
   publisher = {Brockhaus, F.~A.},
   address   = {Mannheim},
   edition   = 19,
   volume    = 14,
   language  = {german},
   kopie     = {+}
}

@Book{Metallic,
  author = 	 "Carter, G.C. and Bennett, C.H. and Kahan, D.J.",
  title = 	 "Metallic Shifts in NMR, Part 1",
  publisher = 	 "Pergamon Press, Oxford",
  year = 	 1977,
  language  = {english},
}

@Book{Num-recipes,
  author = 	 "Press, W.H. and Flannery, B.P. and Teukolsky, S.A
		  and Vetterling, W.T. ",
  title = 	 "Numerical Recipes",
  publisher = 	 "Cambridge University Press",
  year = 	 1990,
    language  = {english},
}

@mastersthesis{Manni_DA,
   author    = {Manfred Binder},
   title     = {{M}essung der elektrischen {L}eitf{"a}higkeit von {T}hallium bei sehr tiefen {T}emperaturen},
   year      = 1997,
   school    = {Universit{"a}t Bayreuth},
   kopie     = {+},
   language  = {german},
   type      = da
}
		  
@MastersThesis{Micha_DA,
  author = 	 "Michael Huebner",
  title = 	 "Kern--{Q}uadrupolresonanz an {G}allium als absolutes {T}hermometer f{\"u}r sehr tiefe {T}emperaturen",
  school = 	 "Universit{\"a}t Bayreuth",
  year = 	 1994,
  language  = {german},
  type      = da		  
}

@PhdThesis{Juergen_Dis,
  author = 	 "Leib, J{\"u}rgen",
  title = 	 "Nichtlineare gepulste Kernspinresonanz an Thallium
		  und Kupfer mit hoher Kernspinpolarisation bei sehr
		  tiefen Temperaturen",
  school = 	 "Universit{\"a}t Bayreuth",
  year = 	 1997,
  type =	 dis,
}

@PhdThesis{Micha_Dis,
  author = 	 "Huebner, Michael",
  title = 	 "Ein absolutes Thermometer f{\"u}r Temperaturen unter 1~mK: Kern-Quadrupolresonanz an
			  Gallium Einkristallen",
  school = 	 "Universit{\"a}t Bayreuth",
  year = 	 1997,
  type =	 dis,
}

@phdthesis{Wagner_Dis,
   author    = {Wagner, Thomas},
   title     = {{E}xperimente mit gepulster {NMR} zur 
		  {S}pin--{S}pin--{W}echselwirkung
       in den {M}etallen {Platin} und {AuIn}$_2$ bei tiefen {T}emperaturen},
   year      = 1995,
   school    = {Universit{\"a}t Bayreuth},
   type      = dis,
   kopie     = {+}
}

@phdthesis{Maenne_PhD,
   author    = {Smeibidl, Peter},
   title     = {{E}xperimenteller {A}ufbau zum {S}tudium des {K}ernmagnetismus und {K}ernspinresonanz an {AuIn}$_2$ bei sehr tiefen {T}emperaturen},
   year      = 1996,
   school    = {Universit{\"a}t Bayreuth},
   type      = dis,
   kopie     = {+}
}

@private{Girgl,
   author    = {Eska, {Prof.~Dr.~Georg}},
   title     = {pers"onliche Mitteilung},
   year      = {1997/98},
   language  = {german},
   kopie     = {+}
}

@private{Doofi,
   author    = {Herrmannsd{\"o}rfer, T},
   title     = {pers"onliche Mitteilung},
   year      = {1998},
   language  = {german},
   kopie     = {+}
}

@private{MICHAEL,
   author    = {Huebner, Michael},
   title     = {pers"onliche Mitteilung},
   year      = {1997},
   language  = {german},
   kopie     = {+}
}

%%%%%%%%%%%%%%%%%%%%%%%%%%%%%%%%%%%%%%%%%%%%%%%%%%%%%%%%%%%%%%%%%%%%%%%%%%%%%%%%%%%%%%%%%
%																						%
% B"ucher																				%
%																						%
%%%%%%%%%%%%%%%%%%%%%%%%%%%%%%%%%%%%%%%%%%%%%%%%%%%%%%%%%%%%%%%%%%%%%%%%%%%%%%%%%%%%%%%%%

@book{Abragam,
   author    = {Abragam, A.},
   title     = {Principles of Nuclear Magnetism},
   year      = 1983,
   publisher = {Oxford University Press},
   language  = {english},
   kopie     = {-},
   ubtnr     = {84 UN 1250 A 158},
   refby     = {TEM88},
   pages     = 500 
}

@book{Abragam2,
   author    = {Abragam, A. and Goldman, M.},
   title     = {{N}uclear magnetism: order and disorder},
   year      = 1982,
   publisher = {Oxford University Press},
   address   = {New York},
   series    = {The international series of monographs in physics},
   language  = US,
   kopie     = {-},
   ubtnr     = {836 UP 9400 G 619 + 3}
}

@Book{Slichter,
  author = 	 "C.P. Slichter",
  title = 	 "Principles of Magnetic Resonance",
  publisher = 	 "Springer--Verlag",
  year = 	 1990,
  address  = {Berlin}
}

@inbook{FEYNMAN,
   author    = {Feynman, Richard~P.},
   title     = {Vorlesungen {"u}ber Physik},
   chapter   = 21,
   year      = 1988,
   publisher = {Oldenburg Verlag},
   address   = {M{"u}nchen},
   volume    = {III: Quantenmechanik},
   pages     = {470--497},
   language  = {german},
   kopie     = {+},
   ubtnr     = {17 UC 163 F 435 V8 -3 +3}
}

@book{Gerthsen,
   author    = "Gerthsen, C. and  Vogel, H.",
   title     = {Physik},
   year      = 1993,
   publisher = {Springer-Verlag},
   address   = {Berlin},
   edition   = {17.},
   language  = {german},
   kopie     = {+}
}

@phdthesis{Sigi_Dis,
   author    = {G{\"o}tz, Siegfried},
   title     = {Intensit{\"a}tsabh{\"a}ngige Ultraschalld{\"a}mpfung in normal- und
       superfluidem $^3${He}},
   year      = 1996,
   month     = dec,
   school    = {Universit{\"a}t Bayreuth},
   kopie     = {+},
   language  = {german},
   type      = dis
}

@book{HakenWolf1,
   author    = {Haken, H. and Wolf, H.~C.},
   title     = {Atom- und Quantenphysik},
   year      = 1993,
   publisher = {Springer Verlag},
   address   = {Berlin},
   edition   = {5.},
   language  = {german},
   kopie     = {+}
}

@book{HakenWolf2,
   author    = {Haken, H. and Wolf, H.~C.},
   title     = {Molek{\"u}lphysik und Quantenchemie},
   year      = 1993,
   publisher = {Springer Verlag},
   address   = {Berlin},
   edition   = {2.},
   language  = {german},
   kopie     = {+}
}

@book{KITTEL_Quanten,
   author    = {Kittel, C. and Fong, C.~Y.},
   title     = {Quantentheorie der Festk"orper},
   year      = 1988 ,
   publisher = {R.~Oldenburg},
   address   = {M"unchen},
   edition   = {2.},
   language  = {german},
   kopie     = {+},
   ubtnr     = {84 UP 1000 K 62(2)+4}
}

@book{Kittel,
   author    = {Kittel, Charles},
   title     = {Einf"uhrung in die Festk"orperphysik},
   year      = 1991,
   publisher = {R. Oldenbourg},
   address   = {M"unchen},
   edition   = {9.},
   language  = {german},
   kopie     = {+}
}

@book{LB2.1,
   author    = {Landolt--B{\"o}rnstein},
   title     = {Mechanische--Thermische Zustandsgr{\"o}{\3}en},
   year      = {1971},
   editor    = {Sch{\"a}fer, Klaus and Beggerow, Gertrud},
   publisher = {Springer--Verlag},
   address   = {Berlin},
   edition   = {Eigenschaften der Materie in ihren Aggregatzust{\"a}nden},
   volume    = {II.1},
   language  = {german},
   kopie     = {+},
   ubtnr     = {84 UC 506--2,1},
   keywords  = {Isotope, Atom-,Massen,Spin}
}

@book{LB2.9,
   author    = {Landolt--B{\"o}rnstein},
   title     = {Magnetische Eigenschaften I},
   year      = {1962},
   editor    = {Hellwege, Karl--Heinz and Hellwege, {Anne Marie}},
   publisher = {Springer--Verlag},
   address   = {Berlin},
   edition   = {Eigenschaften der Materie in ihren Aggregatzust{\"a}nden},
   volume    = {II.9},
   language  = {german},
   kopie     = {+},
   ubtnr     = {84 UC 506--2,9},
   keywords  = {suszeptibilitaet}
}

@mastersthesis{DiplomJL,
   author    = {J{"u}rgen Leib},
   title     = {{A}ufbau eines {E}xperiments zur {M}essung der elektrischen
       {L}eitf{"a}higkeit von {T}hallium bei sehr tiefen {T}emperaturen},
   year      = 1993,
   month     = dec,
   school    = {Universit{"a}t Bayreuth},
   kopie     = {+},
   language  = {german},
   type      = da
}

@book{POBELL,
   author    = {Pobell, Frank},
   title     = {Matters and Methods at Low Temperatures},
   year      = 1992,
   publisher = {Springer Verlag},
   address   = {Berlin},
   edition   = {Springer Textbook},
   language  = {english},
   kopie     = {+},
   ubtnr     = {17 UP 2300 P 739},
   refby     = {-},
   page      = 319 
}

@article{ESKA89,
   author    = {Eska, G. and Peters, J.. and Smith, E.N. and Syskakis, E.},
   title     = {Pulsed NMR Experiments on Alkali Metals at millikelvin Temperatures},
   journal   = PLetA,
   year      = 1989,
   volume    = 136,
   number    = 9,
   language  = US,
}


@Article{BAEUML,
   author    = {B{\"a}uml, W. and Eska, G. and Pesch, W.},
   title     = {{NMR} in metals at low temperatures with particular 
		  emphasis on the finite skin depth},
   journal   = {Physica B},
   year      = {1994},
   volume    = {194--196},
   pages     = {321},
   kopie     = {+}
}

@Book{Num-recipes,
  author = 	 "Press, W.H. and Flannery, B.P. and Teukolsky, S.A
		  and Vetterling, W.T. ",
  title = 	 "Numerical Recipes",
  publisher = 	 "Cambridge University Press",
  year = 	 1990,
    language  = {english},
}

@phdthesis{PhDMaenne,
   author    = {Smeibidl, Peter},
   title     = {{E}xperimenteller {A}ufbau zum {S}tudium des
		  {K}ernmagnetismus und {K}ernspinresonanz an
		  {AuIn}$_2$ bei sehr tiefen {T}emperaturen},
   year      = 1996,
   school    = {Universit{"a}t Bayreuth},
   type      = dis,
   kopie     = {+}
}

@PhdThesis{Doofi_Dis,
  author = 	 "Thomas Herrmannsdörfer",
  title = 	 "Kernferromagnetismus in AuIn$_2$ und
		  Pr$_{1-x}$Y$_x$Ni$_5$ und Spinglasverhalten von
		  {\underline Pd}Fe und {\underline Pt}Fe bei sehr
		  tiefen Temperaturen",
  school = 	 "Universität Bayreuth",
  type      = dis,
  year = 	 1994
}
@PhdThesis{Stephan_Dis,
  author = 	 "Stephan Rehmann",
  title = 	 "Wechselwirkung von Supraleitung und Kernmagnetismus in AuIn$_2$, AuAl$_2$, $AuGa_2$
			  und Titanhydrid bei sehr tiefen Temperaturen",
  school = 	 "Universität Bayreuth",
  type      = dis,
  year = 	 1997
}

@private{MICHAEL,
   author    = {Huebner, Michael},
   title     = {pers"onliche Mitteilung},
   year      = 1993,
   language  = {german},
   kopie     = {+}
}

@book{ABRAGAM_II,
   author    = {Abragam, A. and Goldman, M.},
   title     = {{N}uclear magnetism: order and disorder},
   year      = 1982,
   publisher = {Oxford University Press},
   address   = {New York},
   series    = {The international series of monographs in physics},
   language  = US,
   kopie     = {-},
   ubtnr     = {836 UP 9400 G 619 + 3}
}

@article{BLOM53,
   author    = {Blombergen, N. and Rowland, T. J.},
   title     = {On the Nuclear Magnetic Resonance in Metals and Alloys},
   journal   = {Acta Metallurgica},
   year      = 1953,
   month     = nov,
   volume    = 1,
   pages     = {731--746},
   language  = US,
   kopie     = {NM},
   ubtnr     = {84 UA 1345 -- 1},
   refby     = {BSS91 (5)}
}

@article{ESKA86,
   author    = {Eska, G. and Schuberth, E. and Turrell, B.},
   title     = {Nuclear Spin--Lattice Relaxation of Thallium at low
       Temperatures},
   journal   = PLetA,
   year      = 1986,
   month     = may ,
   volume    = 115,
   number    = 8,
   pages     = {413--416},
   abstract  = {Tl T1, 400uK--75mK, 18--1000mT, k=T1*T = 4.37(8)ms*K},
   language  = US,
   kopie     = {NM},
   ubtnr     = {84 UA ***},
   refby     = {BSS91 (4)}
}


@article{KNIGHT49,
   author    = {Knight, W.~D.},
   title     = {Nuclear Magnetic Resonance Shift in Metals},
   journal   = PRev,
   year      = 1949,
   month     = sep,
   volume    = 76,
   pages     = {1259--1260},
   language  = US,
   kopie     = {NM}
}

@article{KORRINGA,
   author    = {Korringa, J.},
   title     = {{Nuclear Magnetic Relaxation and Resonnance Line
       Shift in Metals}},
   journal   = {Physica},
   year      = 1950,
   month     = jul ,
   volume    = {\newcounter{volume}\setcounter{volume}{16}\Roman{volume}},
   number    = {7/8},
   pages     = {601--610},
   abstract  = {Korringa Konstant k, v(dH/H)^2 = h/(2PI^2)*k*T*g^2},
   language  = US,
   kopie     = {+},
   ubtnr     = {84 UA 6400 -- 16},
   refby     = {BLOM55}
}

@Article{koerber91,
  language = 	 "english",
  author = 	 "Harald K{\"o}rber and Elmar Dormann and Georg Eska",
  title = 	 "{M}ultiple {S}pin {E}choes for {P}rotons in {W}ater",
  journal = 	 "Journal of Magnetic Resonance",
  year = 	 1991,
  volume = 	 93,
  pages = 	 "589--595"
}

@Article{herrmannsdoerfer96,
  language = 	 "english",
  author = 	 "T. Herrmannsd{\"o}rfer and S. Rehmann and W. Wendler
		  and F. Pobell",
  title = 	 "{M}agnetic {P}roperties of {H}ighly {D}iluted
		  \underline{{P}d}{F}e$_x$ and
		  \underline{{P}t}{F}e$_x$-{A}lloys. {P}art~{I}. {M}agnetization
		  at {K}elvin {T}emperatures",
  journal = 	 "J. Low Temp. Phys.",
  year = 	 1996,
  volume = 	 104,
  number = 	 "1/2",
  pages = 	 "49--65",
  month = 	 jul
}

@phdthesis{PhDS,
   author    = {Schr{\"o}der-Smeibidl, Birgit},
   title     = {{K}ernspezifische {W}ärme von {T}hallium und 
		  {k}ernmagnetische {R}esonanz an {AuIn}$_2$,
                  {Platin} und Aluminium},
   year      = 1992,
   school    = {Universit{\"a}t Bayreuth},
   type      = dis,
   kopie     = {+}
}

@Article{Valic,
  author = 	 "Valic, M.I. and Williams, D.L. ",
  title = 	 "A Nuclear Magnetic Resonance Study of {G}allium
		  Single Crystals",
  journal =	 "J. Phys. Chem. Solids",
  year =	 1969,
  volume =	 30,
  pages =	 2337,
    language  = {english},  
}

@Article{AuGa2Dilemma,
  author = 	"Jaccarino, V. and Weger, M. and Wernick, J.H. and Menth, A.",
  title =	"The {A}u{G}a$_2$ {D}ilemma",
  journal = PRevLet,
  year =	1968,
  volume = 21,
  pages = 1811,
  language = {english},
}